@article{Bortfeldt2013,
  title={Constraints in container loading--A state-of-the-art review},
  author={Bortfeldt, Andreas and W{\"a}scher, Gerhard},
  journal={European Journal of Operational Research},
  volume={229},
  number={1},
  pages={1--20},
  year={2013},
  publisher={Elsevier}
}

@article{Chen1995,
  title={An analytical model for the container loading problem},
  author={Chen, Chin-Sheng and Lee, Shen-Ming and Shen, QS},
  journal={European Journal of operational research},
  volume={80},
  number={1},
  pages={68--76},
  year={1995},
  publisher={Elsevier}
}

@article{George1980,
  title={A heuristic for packing boxes into a container},
  author={George, John A and Robinson, David F},
  journal={Computers \& Operations Research},
  volume={7},
  number={3},
  pages={147--156},
  year={1980},
  publisher={Elsevier}
}

@article{Bezanson2017,
  title={Julia: A fresh approach to numerical computing},
  author={Bezanson, Jeff and Edelman, Alan and Karpinski, Stefan and Shah, Viral B},
  journal={SIAM review},
  volume={59},
  number={1},
  pages={65--98},
  year={2017},
  publisher={SIAM},
  url={https://doi.org/10.1137/141000671}
}

@article{Valat2023,
 title={DataFrames.jl: Flexible and Fast Tabular Data in Julia},
 volume={107},
 url={https://www.jstatsoft.org/index.php/jss/article/view/v107i04},
 doi={10.18637/jss.v107.i04},
 abstract={DataFrames.jl is a package written for and in the Julia language offering flexible and efficient handling of tabular data sets in memory. Thanks to Julia’s unique strengths, it provides an appealing set of features: Rich support for standard data processing tasks and excellent flexibility and efficiency for more advanced and non-standard operations. We present the fundamental design of the package and how it compares with implementations of data frames in other languages, its main features, performance, and possible extensions. We conclude with a practical illustration of typical data processing operations.},
 number={4},
 journal={Journal of Statistical Software},
 author={Bouchet-Valat, Milan and Kamiński, Bogumił},
 year={2023},
 pages={1--32}
}

@book{Litman2012,
  title={Evaluating public transportation health benefits},
  author={Litman, Todd},
  year={2012},
  publisher={Victoria Transport Policy Institute Victoria, BC, Canada}
}

@phdthesis{Pearce2019,
  title={Towards a general formulation of lazy constraints},
  author={Pearce, Robin Harris},
  school={University of Queensland},
  year={2019}
}

@book{Bazaraa2010,
  year      = {2010},
  author    = {Mokhtar S. Bazaraa and John J. Jarvis and Hanif D. Sherali}, 
  title     = {Linear Programming and Network Flows},
  publisher = {Wiley},
  address   = {Hoboken, New Jersey},
  edition   = {4a. ed.},
  isbn      = {9780470462720}
}

@book{Bertsimas1997,
  year      = {1997},
  author    = {Dimitris Bertsimas and John N. Tsitsiklis}, 
  title     = {Introduction to Linear Optimization},
  publisher = {Athena Scientific and Dynamic Ideas},
  address   = {Belmont, Massachusetts},
  edition   = 4,
  isbn      = {978-1-886529-19-9}
}

@article{Borchers2022,
  title={Neoliberalismo e o esvaziamento do Estado no transporte p{\'u}blico de Araraquara--SP},
  author={Borchers, Tatiane and Figueir{\^o}a-Ferreira, Victor Garcia},
  journal={Cadernos Metr{\'o}pole},
  volume={24},
  pages={549--576},
  year={2022},
  publisher={SciELO Brasil}
}

@article{Bezanson2017,
  title={Julia: A fresh approach to numerical computing},
  author={Bezanson, Jeff and Edelman, Alan and Karpinski, Stefan and Shah, Viral B},
  journal={SIAM review},
  volume={59},
  number={1},
  pages={65--98},
  year={2017},
  publisher={SIAM},
  url={https://doi.org/10.1137/141000671}
}

@mastersthesis{Vieira2013,
  title={Metaheuristica para a Solução de Problemas de Roteamento de Veículos com Janela de Tempo},
  school={Universidade Estadual de Campinas},
  author={Vieira, Heloisa Passarelli},
  year={2013}
}

@article{Dantzig1954,
  title={Solution of a large-scale traveling-salesman problem},
  author={Dantzig, George and Fulkerson, Ray and Johnson, Selmer},
  journal={Journal of the operations research society of America},
  volume={2},
  number={4},
  pages={393--410},
  year={1954},
  publisher={INFORMS}
}

@article{Bazrafshan2021,
  author = {Bazrafshan, Ramin and Zolfani, Sarfaraz and Mirzapour Al-e-hashem, S.M.J.},
  year = {2021},
  month = {02},
  pages = {19},
  title = {Comparison of the Sub-Tour Elimination Methods for the Asymmetric Traveling Salesman Problem Applying the SECA Method},
  volume = {10},
  journal = {Axioms},
  doi = {10.3390/axioms10010019}
}

@book{Boldrini,
    author = {Boldrini, J. L. and Costa, S. I. R. and Figueiredo, V. L. and Wetzler, H. G.},
    title = {Álgebra Linear}, 
    edition = {3a. ed.},
    publisher = {Harbra}, 
    address = {São Paulo}, 
    year = {1986},
    isbn = {9788529402024}
    }

@article{Cuminato,
  author= {Cuminato, J. A. and Ruas, V.},
  title = {Unification of distance inequalities for linear variational problems}, 
  journal = {Computational and Applied Mathematics},
  number = {34},
  year = {2014},
  pages = {1009--1033},
  doi = {10.1007/s40314-014-0163-6}
}

@article{Contiero,
  author = {Contiero, L. O. and Hoppen, C. and Lefmann, H. and Odermann, K},
  title = {Rainbow {E}rdös--{R}othschild Problem for the Fano Plane},
  journal = {SIAM Journal on Discrete Mathematics},
  year = {2021},
  note = {Aceito},
  doi = {10.1137/20M136325X}
  }
 
@incollection{daSilva,
  author = {Da Silva, P. L. and Freire, I. L.},
  title = {On the group analysis of a modified Novikov equation}, 
  booktitle = {Interdisciplinary Topics in Applied Mathematics, Modeling and Computational Science, Springer Proceedings in Mathematics and Statistics}, 
  editor = {Cojocaru, M. and Kotsireas, I. and Makarov, R. and Melnik, R. and Shodiev, H.},
  publisher = {Springer},
  volume = {117},
  chapter = {23},
  pages = {161--166},
  year = {2015},
  doi = {10.1007/978-3-319-12307-3_23}
}

@mastersthesis{Diniz,
  author = {Diniz, G. L.},
  title = {A mudança no habitat de populações de peixes: de rio a represa - o modelo matemático},
  school = {Unicamp},
  year = {1994}
}

@book{Gomes,
  author = {Gomes, L. T. and Barros, L. C. and Bede, B.},
  title = {Fuzzy differential equation in various approaches}, 
  series = {Springer Briefs in Mathematics},
  publisher = {SBMAC - Springer},
  year = {2015},
  isbn = {978-3-319-22575-3}
}

@phdthesis{Mallet,
  author = {Mallet, S. M.},
  title = {Análise Numérica de Elementos Finitos},
  school = {LNCC/MCTI},
  year = {1990}
}

@inproceedings{Santos,
  author = {Santos, I. L. D. and Silva, G. N.},
  title = {Uma classe de problemas de controle ótimo em escalas temporais},
  booktitle = {Proceeding Series of the Brazilian Society of Computational and 
    Applied Mathematics},
  year = {2013},
  pages = {010177-1--6},
  doi = {10.5540/03.2013.001.01.0177}
}

@misc{CNMAC,
  author = {SBMAC},
  title = {Site oficial do Congresso Nacional de Matemática Aplicada},
  howpublished = {Online},
  note = {Acessado em 08/12/2021, \url{http://www.cnmac.org.br}}
}