@inproceedings{ASSI2018,
  title={A survey of the knapsack problem},
  author={Assi, Maram and Haraty, Ramzi A},
  booktitle={2018 International Arab Conference on Information Technology (ACIT)},
  pages={1--6},
  year={2018},
  organization={IEEE}
}

@book{BAZARAA2010,
  year      = {2010},
  author    = {Mokhtar S. Bazaraa and John J. Jarvis and Hanif D. Sherali}, 
  title     = {Linear Programming and Network Flows},
  publisher = {Wiley},
  address   = {Hoboken, New Jersey},
  edition   = 4,
  isbn      = {978-0-470-46272-0}
}

@book{BERTSIMAS1997,
  year      = {1997},
  author    = {Dimitris Bertsimas and John N. Tsitsiklis}, 
  title     = {Introduction to Linear Optimization},
  publisher = {Athena Scientific and Dynamic Ideas},
  address   = {Belmont, Massachusetts},
  edition   = 4,
  isbn      = {978-1-886529-19-9}
}

@article{BRADLEY1977,
  title={Applied mathematical programming},
  author={Bradley, Stephen P and Hax, Arnoldo C and Magnanti, Thomas L},
  journal={(No Title)},
  year={1977}
}

@misc{DEMAINE2011,
  author       = {Erik Demaine and Srini Devadas},
  title        = {Polynomial Time vs Pseudo-Polynomial Time},
  year         = {2011},
  url          = {https://courses.csail.mit.edu/6.006/fall11/rec/rec21_knapsack.pdf},
  urldate      = {2024-02-09},
}

@misc{FEOFILOFF2020a,
  author       = {Paulo Feofiloff},
  title        = {Mochila booleana},
  year         = {2020},
  url          = {https://www.ime.usp.br/~pf/analise_de_algoritmos/aulas/mochila-bool},
  urldate      = {2024-02-09}
}

@misc{FEOFILOFF2020b,
  author       = {Paulo Feofiloff},
  title        = {Subset sum},
  year         = {2020},
  url          = {https://www.ime.usp.br/~pf/analise_de_algoritmos/aulas/mochila-subsetsum},
  urldate      = {2024-02-09}
}

@inproceedings{HRISTAKEVA2005,
  title={Different approaches to solve the 0/1 knapsack problem},
  author={Hristakeva, Maya and Shrestha, Dipti},
  booktitle={The Midwest Instruction and Computing Symposium},
  year={2005}
}

@misc{KALVELAGEN2021,
  author       = {Erwin Kalvelagen},
  title        = {2d knapsack problem},
  year         = {2021},
  url          = {http://yetanothermathprogrammingconsultant.blogspot.com/2021/10/2d-knapsack-problem.html},
  urldate      = {2024-02-10}
}

@article{LAABADI2018,
  title={The 0/1 multidimensional knapsack problem and its variants: A survey of practical models and heuristic approaches},
  author={Laabadi, Soukaina and Naimi, Mohamed and El Amri, Hassan and Achchab, Boujem{\^a}a and others},
  journal={American Journal of Operations Research},
  volume={8},
  number={05},
  pages={395},
  year={2018},
  publisher={Scientific Research Publishing}
}

@article{WAGNER1995,
  title={Dynamic programming},
  author={Wagner, David B},
  journal={The Mathematica Journal},
  volume={5},
  number={4},
  pages={42--51},
  year={1995}
}